<?xml version="1.0" encoding="UTF-8"?><collection xmlns="http://www.loc.gov/MARC21/slim"><record><leader>00329nam--2200133-i-4500</leader><controlfield tag="001">000020943</controlfield><controlfield tag="002">20161230</controlfield><controlfield tag="005">20161230201033</controlfield><controlfield tag="008">060222s1000------------r-----000-0-eng-d</controlfield><datafield ind1=" " ind2=" " tag="080"><subfield code="a">061(4)</subfield></datafield><datafield ind1=" " ind2=" " tag="245"><subfield code="a">International atomic energy agency. highights of activities</subfield></datafield><datafield ind1=" " ind2=" " tag="260"><subfield code="a">Vienna, 1994. 70 P</subfield></datafield><datafield ind1=" " ind2=" " tag="490"><subfield code="a">I.A.E.A</subfield></datafield><datafield ind1=" " ind2=" " tag="852"><subfield code="a">80229</subfield></datafield></record></collection>